@article{Dupuis14,
	author = {X. Dupuis},
	title = {Optimal Control of Leukemic Cell Population Dynamics},
	url= "https://doi.org/10.1051/mmnp/20149102",
	journal = {Math. Model. Nat. Phenom.},
	year = 2014,
	volume = 9,
	number = 1,
	pages = "4-26",
}


@article{Adimy08,
  author = {M. Adimy and F. Crauste and A. El Abdllaoui},
  title = {Discrete maturity-structured model of cell differentiation with applications to acute myelogenous leukemia},
  journal = {J. Biol. Systems},
  volume = 16,
  number = 3,
  pages = "395-424",
  year = 2008
}

@article{Mackey78,
  author = {M.C. Mackey},
  title = {Unified hypothesis for the origin of aplastic anemia and periodic hematopoiesis},
  journal = {Blood},
  volume = 51,
  number = 5,
  pages = "941-956",
  year = 1978
}